@article{quickxsrt:2019,
	title={QuickXsort – A Fast Sorting Scheme in Theory and Practice},
	author={Sebastian Wild{,} Armin Weiß and Stefan Edelkamp},
	year={2019}
}

@article{quickmergesosrt:2018,
	title={Worst-Case Efficient Sorting with QuickMergesort},
	author={Stefan Edelkamp and Armin Weiß},
	year={2018}
}

@article{qmse:2019,
	title={QuickMergesort: Practically Efficient Constant-Factor Optimal Sorting},
	author={Stefan Edelkamp and Armin Weiß},
	year={2018}
}