@article{QuickXsort,
    author={Sebastian Wild and Stefan Edelkamp and Armin Weiß},
    title={QuickXsort – A Fast Sorting Scheme in Theory and Practice},
    year={2019}
}

@article{QuickMergesort1,
	author={Stefan Edelkamp and Armin Weiß},
	title={QuickMergesort: Practically Efficient Constant-Factor Optimal Sorting},
	year={2018}
}

@article{QuickMergesort2,
	author={Stefan Edelkamp and Armin Weiß},
	title={Worst-Case Efficient Sorting with QuickMergesort},
	year={2018}
}

@article{IntroSort,
	author={Orson R. L. Peters},
	title={Pattern-defeating Quicksort},
	year={2021}
}

@misc{Java,
	title={Java Documentation},
	howpublished={\url{https://docs.oracle.com/en/java/javase/11/docs/}},
	url={https://docs.oracle.com/en/java/javase/11/docs/}
}

@misc{C++,
	title={C++ Documentation},
	howpublished={\url{https://en.cppreference.com/w/}},
	url={https://en.cppreference.com/w/}
}